@article{EmpathyConcept,
  title={The empathic brain: how, when and why?},
  author={De Vignemont, Frederique and Singer, Tania},
  journal={Trends in cognitive sciences},
  volume={10},
  number={10},
  pages={435--441},
  year={2006},
  publisher={Elsevier}
}

@article{preston2002empathy,
  title={Empathy: Its ultimate and proximate bases},
  author={Preston, Stephanie D and De Waal, Frans BM},
  journal={Behavioral and brain sciences},
  volume={25},
  number={1},
  pages={1--20},
  year={2002},
  publisher={Cambridge University Press}
}